<record><leader>00000cas a22000007a 4500</leader><controlfield tag="001">24450689</controlfield><controlfield tag="008">910925c19839999ohuwr ne      0    0eng d</controlfield><datafield ind1=" " ind2=" " tag="010"><subfield code="a">sn 91069786 </subfield></datafield><datafield ind1=" " ind2=" " tag="040"><subfield code="a">ONP</subfield><subfield code="b">eng</subfield><subfield code="c">ONP</subfield><subfield code="d">OCLCQ</subfield></datafield><datafield ind1=" " ind2=" " tag="042"><subfield code="a">msc</subfield></datafield><datafield ind1="0" ind2=" " tag="130"><subfield code="a">Record (Harrison, Ohio : 1983)</subfield></datafield><datafield ind1="1" ind2="4" tag="245"><subfield code="a">The Record.</subfield></datafield><datafield ind1=" " ind2=" " tag="260"><subfield code="a">Harrison, Ohio :</subfield><subfield code="b">Gene Demeree,</subfield><subfield code="c">1983-</subfield></datafield><datafield ind1=" " ind2=" " tag="300"><subfield code="a">v.</subfield></datafield><datafield ind1=" " ind2=" " tag="310"><subfield code="a">Weekly</subfield></datafield><datafield ind1="0" ind2=" " tag="362"><subfield code="a">Vol. 16, no. 27 (Sept. 28, 1983)-</subfield></datafield><datafield ind1=" " ind2=" " tag="752"><subfield code="a">United States</subfield><subfield code="b">Ohio</subfield><subfield code="c">Hamilton</subfield><subfield code="d">Harrison.</subfield></datafield><datafield ind1="0" ind2="0" tag="780"><subfield code="t">Harrison record (Harrison, Ohio : 1977)</subfield><subfield code="w">(DLC)sn 91069781</subfield></datafield></record>